<record><leader>00000cas a2200000 a 4500</leader><controlfield tag="001">12268310</controlfield><controlfield tag="008">850716c19589999ksuwr ne      0   a0eng d</controlfield><datafield ind1=" " ind2=" " tag="010"><subfield code="a">sn 85029460 </subfield></datafield><datafield ind1=" " ind2=" " tag="040"><subfield code="a">KSH</subfield><subfield code="b">eng</subfield><subfield code="c">KSH</subfield><subfield code="d">NPT</subfield><subfield code="d">NSD</subfield><subfield code="d">OCLCQ</subfield></datafield><datafield ind1=" " ind2=" " tag="012"><subfield code="j">0</subfield><subfield code="m">1</subfield></datafield><datafield ind1="0" ind2=" " tag="022"><subfield code="a">1040-9033</subfield><subfield code="l">1040-9033</subfield><subfield code="2">1</subfield></datafield><datafield ind1=" " ind2=" " tag="032"><subfield code="a">412680</subfield><subfield code="b">USPS</subfield></datafield><datafield ind1=" " ind2=" " tag="037"><subfield code="b">Osborne Publishing Co., 210 West Main, Osborne, KS 67473</subfield></datafield><datafield ind1=" " ind2=" " tag="042"><subfield code="a">msc</subfield><subfield code="a">nsdp</subfield></datafield><datafield ind1="0" ind2=" " tag="130"><subfield code="a">Osborne County farmer (Osborne, Kan. : 1958)</subfield></datafield><datafield ind1="0" ind2=" " tag="210"><subfield code="a">Osborne Cty. farmer</subfield><subfield code="b">(1958)</subfield></datafield><datafield ind1=" " ind2="0" tag="222"><subfield code="a">Osborne County farmer</subfield><subfield code="b">(1958)</subfield></datafield><datafield ind1="1" ind2="0" tag="245"><subfield code="a">Osborne County farmer.</subfield></datafield><datafield ind1=" " ind2=" " tag="260"><subfield code="a">Osborne, Kan. :</subfield><subfield code="b">Harold P. Beason, W.E. Lee and Frazier L. Brown,</subfield><subfield code="c">1958-</subfield></datafield><datafield ind1=" " ind2=" " tag="300"><subfield code="a">v. :</subfield><subfield code="b">ill. ;</subfield><subfield code="c">57 cm.</subfield></datafield><datafield ind1=" " ind2=" " tag="310"><subfield code="a">Weekly</subfield></datafield><datafield ind1="0" ind2=" " tag="362"><subfield code="a">Vol. 84, no. 19 (Mar. 6, 1958)-</subfield></datafield><datafield ind1=" " ind2=" " tag="500"><subfield code="a">Publisher varies.</subfield></datafield><datafield ind1=" " ind2=" " tag="588"><subfield code="a">Latest issue consulted: Vol. 115, no. 26 (July 7, 1988).</subfield></datafield><datafield ind1=" " ind2=" " tag="752"><subfield code="a">United States</subfield><subfield code="b">Kansas</subfield><subfield code="c">Osborne</subfield><subfield code="d">Osborne.</subfield></datafield><datafield ind1="0" ind2="0" tag="780"><subfield code="t">Osborne farmer-journal</subfield><subfield code="w">(DLC)sn 85029453</subfield></datafield></record>